@InProceedings{su, 
	author = 	"Su, Yu and Yan, Xifeng",
	title = 	"Cross-domain Semantic Parsing via Paraphrasing",
	booktitle = 	"Proceedings of the 2017 Conference on Empirical Methods in Natural Language Processing",
	year = 	"2017",
	publisher = 	"Association for Computational Linguistics",
	pages = 	"1235--1246",
	location = 	"Copenhagen, Denmark",
	url = 	"http://aclweb.org/anthology/D17-1127"
}

@InProceedings{matsuzaki, 
	author = 	"Matsuzaki, Takuya
		and Ito, Takumi
		and Iwane, Hidenao
		and Anai, Hirokazu
		and H. Arai, Noriko",
	title = 	"Semantic Parsing of Pre-university Math Problems",
	booktitle = 	"Proceedings of the 55th Annual Meeting of the Association for      Computational Linguistics (Volume 1: Long Papers)    ",
	year = 	"2017",
	publisher = 	"Association for Computational Linguistics",
	pages = 	"2131--2141",
	location = 	"Vancouver, Canada",
	doi = 	"10.18653/v1/P17-1195",
	url = 	"http://www.aclweb.org/anthology/P17-1195"
}

@INPROCEEDINGS{lita, 
	author={C. V. Lita},
	booktitle={2016 18th International Symposium on Symbolic and Numeric Algorithms for Scientific Computing (SYNASC)},
	title={On Complexity of the Detection Problem for Bounded Length Polymorphic Viruses},
	year={2016},
	volume={},
	number={},
	pages={371-378},
	keywords={computational complexity;computer viruses;context-sensitive grammars;NP-complete;PSPACE-complete;bounded length polymorphic viruses;bounded length viruses;detection problem complexity;fixed context sensitive grammar;fixed grammar;grammar-based formalism;polymorphic engines;recognition problem;virus detection;Complexity theory;Computer viruses;Context;Engines;Grammar;Strain;Viruses (medical);complexity;formal grammars;polymorphic viruses},
	doi={10.1109/SYNASC.2016.064},
	ISSN={2470-881X},
	month={Sept},
}

@InProceedings{merkle, 
	author="Merkle, Wolfgang
	and Stephan, Frank
	and Teutsch, Jason
	and Wang, Wei
	and Yang, Yue",
	editor="Chan, T-H. Hubert
	and Lau, Lap Chi
	and Trevisan, Luca",
	title="Selection by Recursively Enumerable Sets",
	booktitle="Theory and Applications of Models of Computation",
	year="2013",
	publisher="Springer Berlin Heidelberg",
	address="Berlin, Heidelberg",
	pages="144--155",
	abstract="For given sets A, B and Z of natural numbers where the members of Z are z                     0, z                     1, {\ldots} in ascending order, one says that A is selected from B by Z if A(i){\thinspace}={\thinspace}B(z                                     i              ) for all i. Furthermore, say that A is selected from B if A is selected from B by some recursively enumerable set, and that A is selected from B in n steps iff there are sets E                     0,E                     1,{\ldots},E                                     n               such that E                     0{\thinspace}={\thinspace}A, E                                     n              {\thinspace}={\thinspace}B, and E                                     i               is selected from E                                             i{\thinspace}+{\thinspace}1 for each i{\thinspace}<{\thinspace}n.",
	isbn="978-3-642-38236-9"
}

@inbook{artzi, 
	title = "Broad-coverage CCG semantic parsing with AMR",
	author = "Yoav Artzi and Kenton Lee and Luke Zettlemoyer",
	year = "2015",
	isbn = "9781941643327",
	pages = "1699--1710",
	booktitle = "Conference Proceedings - EMNLP 2015: Conference on Empirical Methods in Natural Language Processing",
	publisher = "Association for Computational Linguistics (ACL)",
}

@book{andrews, 
	title = "An Introduction to Mathematical Logic and Type Theory: To Truth Through Proof, 2nd ed.", 
	year = "2002", 
	author = "Andrews, Peter B.", 
	publisher = "Berlin: Kluwer Academic Publishers", 
}

@article{avalle, 
	author="Avalle, Matteo
	and Pironti, Alfredo
	and Sisto, Riccardo",
	title="Formal verification of security protocol implementations: a survey",
	journal="Formal Aspects of Computing",
	year="2014",
	month="Jan",
	day="01",
	volume="26",
	number="1",
	pages="99--123",
	issn="1433-299X",
	doi="10.1007/s00165-012-0269-9",
	url="https://doi.org/10.1007/s00165-012-0269-9"
}

@article{lal, 
	author = {Lal, Suvansh and Jain, Mohit and Chaplot, Vikrant},
	year = {2011},
	month = {01},
	pages = {},
	title = {Approaches to Formal Verification of Security Protocols},
	booktitle = {Computing Research Repository - CORR}
}

@article{moro, 
	TITLE = {{Formal verification of a software countermeasure against instruction skip attacks}},
	AUTHOR = {Moro, Nicolas and Heydemann, Karine and Encrenaz, Emmanuelle and Robisson, Bruno},
	URL = {https://hal-emse.ccsd.cnrs.fr/emse-00951386},
	JOURNAL = {{Journal of Cryptographic Engineering}},
	PUBLISHER = {{Springer}},
	VOLUME = {4},
	NUMBER = {3},
	PAGES = {145-156},
	YEAR = {2014},
	MONTH = Sep,
	DOI = {10.1007/s13389-014-0077-7},
	KEYWORDS = {formal verification ; countermeasure ; instruction skip ; fault attack ; microcontroller},
	PDF = {https://hal-emse.ccsd.cnrs.fr/emse-00951386/file/JCEN_2014_HAL.pdf},
	HAL_ID = {emse-00951386},
	HAL_VERSION = {v1},
}

@article{jung, 
	author = {Jung, Ralf and Jourdan, Jacques-Henri and Krebbers, Robbert and Dreyer, Derek},
	title = {RustBelt: Securing the Foundations of the Rust Programming Language},
	journal = {Proc. ACM Program. Lang.},
	issue_date = {January 2018},
	volume = {2},
	number = {POPL},
	month = dec,
	year = {2017},
	issn = {2475-1421},
	pages = {66:1--66:34},
	articleno = {66},
	numpages = {34},
	url = {http://doi.acm.org/10.1145/3158154},
	doi = {10.1145/3158154},
	acmid = {3158154},
	publisher = {ACM},
	address = {New York, NY, USA},
	keywords = {Rust, concurrency, logical relations, separation logic, type systems},
}

@incollection{chang, 
	title = "Computer Science and Applied Mathematics: A SERIES OF MONOGRAPHS AND TEXTBOOKS",
	editor = "CHIN-LIANG CHANG and RICHARD CHAR-TUNG LEE",
	booktitle = "Symbolic Logic and Mechanical Theorem Proving",
	publisher = "Academic Press",
	address = "San Diego",
	pages = "332",
	year = "1973",
	isbn = "978-0-08-091728-3",
	doi = "https://doi.org/10.1016/B978-0-08-091728-3.50022-9",
	url = "http://www.sciencedirect.com/science/article/pii/B9780080917283500229"
}

@article{han, 
	author    = {Wenjuan Han and
	           Yong Jiang and
	           Kewei Tu},
	title     = {Dependency Grammar Induction with Neural Lexicalization and Big Training
	           Data},
	journal   = {CoRR},
	volume    = {abs/1708.00801},
	year      = {2017},
	url       = {http://arxiv.org/abs/1708.00801},
	archivePrefix = {arXiv},
	eprint    = {1708.00801},
	timestamp = {Tue, 05 Sep 2017 10:03:46 +0200},
	biburl    = {https://dblp.org/rec/bib/journals/corr/abs-1708-00801},
	bibsource = {dblp computer science bibliography, https://dblp.org}
}

@inproceedings{quirk, 
	author = {Quirk, Chris and Mooney, Raymond and Galley, Michel},
	title = {Language To Code: Learning Semantic Parsers For If-This-Then-That Recipes},
	booktitle = {},
	year = {2015},
	month = {August},
	publisher = {},
	url = {https://www.microsoft.com/en-us/research/publication/language-code-learning-semantic-parsers-recipes/},
	address = {},
	pages = {},
	journal = {},
	volume = {},
	chapter = {},
	isbn = {},
}

@unknown{shi, 
	author = {Shi, Shuming and Wang, Yuehui and Lin, Chin-Yew and Liu, Xiaojiang and Rui, Yong},
	year = {2015},
	month = {09},
	pages = {},
	title = {Automatically Solving Number Word Problems by Semantic Parsing and Reasoning}
}

@inproceedings{beltagy, 
	title={Improved Semantic Parsers For If-Then Statements},
	author={I. Beltagy and Chris Quirk},
	booktitle={Proceedings of the 54th Annual Meeting of the Association for Computational Linguistics (ACL-16)},
	address={Berlin, Germany},
	url="http://www.cs.utexas.edu/users/ai-lab/pub-view.php?PubID=127577",
	year={2016}
}

@article{reddy, 
	author    = {Siva Reddy and
	           Oscar T{\"{a}}ckstr{\"{o}}m and
	           Slav Petrov and
	           Mark Steedman and
	           Mirella Lapata},
	title     = {Universal Semantic Parsing},
	journal   = {CoRR},
	volume    = {abs/1702.03196},
	year      = {2017},
	url       = {http://arxiv.org/abs/1702.03196},
	archivePrefix = {arXiv},
	eprint    = {1702.03196},
	timestamp = {Wed, 07 Jun 2017 14:42:53 +0200},
	biburl    = {https://dblp.org/rec/bib/journals/corr/ReddyTPSL17},
	bibsource = {dblp computer science bibliography, https://dblp.org}
}